@article{chawla2002smote,
  title={SMOTE: synthetic minority over-sampling technique},
  author={Chawla, Nitesh V and Bowyer, Kevin W and Hall, Lawrence O and Kegelmeyer, W Philip},
  journal={Journal of artificial intelligence research},
  volume={16},
  pages={321--357},
  year={2002}
}

@article{van2022harm,
  title={The harm of class imbalance corrections for risk prediction models: illustration and simulation using logistic regression},
  author={van den Goorbergh, Ruben and van Smeden, Maarten and Timmerman, Dirk and Van Calster, Ben},
  journal={Journal of the American Medical Informatics Association},
  volume={29},
  number={9},
  pages={1525--1534},
  year={2022},
  publisher={Oxford University Press}
}


@article{menardi2014training,
  title={Training and assessing classification rules with imbalanced data},
  author={Menardi, Giovanna and Torelli, Nicola},
  journal={Data mining and knowledge discovery},
  volume={28},
  pages={92--122},
  year={2014},
  publisher={Springer}
}


@article{matharaarachchi2024enhancing,
  title={Enhancing SMOTE for imbalanced data with abnormal minority instances},
  author={Matharaarachchi, Surani and Domaratzki, Mike and Muthukumarana, Saman},
  journal={Machine Learning with Applications},
  volume={18},
  pages={100597},
  year={2024},
  publisher={Elsevier}
}